@book{bartle2000introduction,
  title={Introduction to real analysis},
  author={Bartle, Robert G and Sherbert, Donald R},
  volume={2},
  year={2000},
  publisher={Wiley New York}
}