@book{bartle2000introduction,
  title={Introduction to real analysis},
  author={Bartle, Robert G and Sherbert, Donald R},
  year={2000},
  publisher={Wiley New York}
}

@book{abbott2012understanding,
  title={Understanding analysis},
  author={Abbott, Stephen},
  year={2012},
  publisher={Springer Science \& Business Media}
}

@book{rudin1976principles,
  title={Principles of mathematical analysis},
  author={Rudin, Walter and others},
  volume={3},
  year={1976},
  publisher={McGraw-hill New York}
}

@book{niculescu2006convex,
	title={Convex functions and their applications},
	author={Niculescu, Constantin and Persson, Lars-Erik},
	year={2006},
	publisher={Springer}
}

@book{binmore1982mathematical,
	title={Mathematical Analysis: a straightforward approach},
	author={Binmore, Kenneth George and Binmore, Kenneth George},
	year={1982},
	publisher={Cambridge University Press}
}

@book{tiel1984convex,
	title={Convex analysis},
	author={Tiel, Jan van},
	number={BOOK},
	year={1984},
	publisher={John Wiley}
}