@book{abbott2012understanding,
  title={Understanding analysis},
  author={Abbott, Stephen},
  year={2012},
  publisher={Springer Science \& Business Media}
}
@book{bartle2000introduction,
  title={Introduction to real analysis},
  author={Bartle, Robert G and Sherbert, Donald R},
  volume={1},
  year={2000},
  publisher={Wiley New York}
}