@article{allaart2012takagi,
  title={The Takagi function: a survey},
  author={Allaart, Pieter C and Kawamura, Kiko},
  journal={Real Analysis Exchange},
  volume={37},
  number={1},
  pages={1--54},
  year={2012},
  publisher={JSTOR}
}

@article{jarnicki2015continuous,
  title={Continuous nowhere differentiable functions},
  author={Jarnicki, Marek and Pflug, Peter},
  journal={Springer Monographs in Mathematics, New York},
  year={2015},
  publisher={Springer}
}

@book{rajwade2007surprises,
  title={Surprises and counterexamples in real function theory},
  author={Rajwade, AR and Bhandari, Ashwani K},
  year={2007},
  publisher={Springer}
}

@article{bl1930einfaches,
  title={Ein einfaches Beispiel einer nicht-differenzierbaren stetigen Funktion},
  author={BL, van der Waerden},
  journal={Mathematische Zeitschrift},
  volume={32},
  pages={474--475},
  year={1930}
}

@article{allaart2014level,
  title={On the level sets of the Takagi--van der Waerden functions},
  author={Allaart, Pieter C},
  journal={Journal of Mathematical Analysis and Applications},
  volume={419},
  number={2},
  pages={1168--1180},
  year={2014},
  publisher={Elsevier}
}

@article{hailpern1976continuous,
  title={Continuous non-differentiable functions},
  author={Hailpern, Brent},
  journal={Pi Mu Epsilon Journal},
  volume={6},
  number={5},
  pages={249--260},
  year={1976},
  publisher={JSTOR}
}

@article{takagi1973simple,
  title={A simple example of the continuous function without derivative},
  author={Takagi, T},
  journal={The collected papers of Teiji Takagi},
  pages={5--6},
  year={1973},
  publisher={Iwanami Shoten}
}

@inproceedings{shidfar1990holder,
  title={On the H{\"o}lder continuity of certain functions},
  author={Shidfar, A and Sabetfakhri, K},
  booktitle={Exposition. Math},
  volume={8},
  number={4},
  pages={365--369},
  year={1990}
}

@article{billingsley1982van,
  title={Van der Waerden's continuous nowhere differentiable function},
  author={Billingsley, Patrick},
  journal={The American Mathematical Monthly},
  volume={89},
  number={9},
  pages={691--691},
  year={1982},
  publisher={Taylor \& Francis}
}

@article{spurrier2004continuous,
  title={Continuous nowhere differentiable functions},
  author={Spurrier, Katie G},
  journal={South Carolina Honors College},
  year={2004}
}