@book{bartle2000introduction,
  title={Introduction to real analysis},
  author={Bartle, Robert G and Sherbert, Donald R},
  year={2000},
  publisher={Wiley New York}
}

@book{jung2011hyers,
  title={Hyers-Ulam-Rassias stability of functional equations in nonlinear analysis},
  author={Jung, Soon-Mo},
  volume={48},
  year={2011},
  publisher={Springer Science \& Business Media}
}

@book{abbott2012understanding,
  title={Understanding analysis},
  author={Abbott, Stephen},
  year={2012},
  publisher={Springer Science \& Business Media}
}

@book{rudin1976principles,
  title={Principles of mathematical analysis},
  author={Rudin, Walter and others},
  volume={3},
  year={1976},
  publisher={McGraw-hill New York}
}

@MISC {3534792,
    TITLE = {Question about metric and compactness},
    AUTHOR = {Paul, Sinclair},
    HOWPUBLISHED = {Mathematics Stack Exchange},
    NOTE = {URL:https://math.stackexchange.com/q/3534792 (version: 2020-02-05)},
    EPRINT = {https://math.stackexchange.com/q/3534792},
    year={2020},
    URL = {https://math.stackexchange.com/q/3534792}
}

@book{naber1997topology,
  title={Topology, geometry, and gauge fields},
  author={Naber, Gregory L and Naber, Gregory L},
  year={1997},
  publisher={Springer}
}